<?xml version="1.0" ?>
<collection>
<record xmlns:marc="http://www.loc.gov/MARC21/slim"><leader>02240nas a22004574  4500</leader><controlfield tag="001">in00004990179</controlfield><controlfield tag="005">20220616033652.0</controlfield><controlfield tag="008">120619c20089999cc ||  d b    |   e0chi  </controlfield><datafield ind1=" " ind2=" " tag="035"><subfield code="a">(CaEvSKY)sky248397423</subfield></datafield><datafield ind1=" " ind2=" " tag="035"><subfield code="a">(OCoLC)931846896</subfield></datafield><datafield ind1=" " ind2=" " tag="040"><subfield code="a">EEM</subfield><subfield code="b">eng</subfield><subfield code="c">EEM</subfield><subfield code="d">UtOrBLW</subfield></datafield><datafield ind1="0" ind2=" " tag="041"><subfield code="a">chi</subfield><subfield code="b">eng</subfield><subfield code="f">eng</subfield></datafield><datafield ind1=" " ind2=" " tag="043"><subfield code="a">a-cc---</subfield></datafield><datafield ind1=" " ind2=" " tag="049"><subfield code="a">EEMR</subfield></datafield><datafield ind1=" " ind2=" " tag="090"><subfield code="a">HC427.92</subfield><subfield code="b">.Z4569</subfield></datafield><datafield ind1="0" ind2="0" tag="245"><subfield code="6">880-01</subfield><subfield code="a">Zhongguo jing ji fa zhan he ti zhi gai ge bao gao =</subfield><subfield code="b">Report on China economic development and institutional reform.</subfield></datafield><datafield ind1="3" ind2="1" tag="246"><subfield code="a">Report on China economic development and institutional reform.</subfield></datafield><datafield ind1=" " ind2=" " tag="260"><subfield code="6">880-02</subfield><subfield code="a">Beijing :</subfield><subfield code="b">She hui ke xue wen xian chu ban she</subfield></datafield><datafield ind1=" " ind2=" " tag="300"><subfield code="a">volumes :</subfield><subfield code="b">illustrations ;</subfield><subfield code="c">24 cm.</subfield></datafield><datafield ind1=" " ind2=" " tag="310"><subfield code="a">Annual</subfield></datafield><datafield ind1=" " ind2=" " tag="336"><subfield code="a">text</subfield><subfield code="b">txt</subfield><subfield code="2">rdacontent</subfield></datafield><datafield ind1=" " ind2=" " tag="337"><subfield code="a">unmediated</subfield><subfield code="b">n</subfield><subfield code="2">rdamedia</subfield></datafield><datafield ind1=" " ind2=" " tag="338"><subfield code="a">volume</subfield><subfield code="b">nc</subfield><subfield code="2">rdacarrier</subfield></datafield><datafield ind1="0" ind2=" " tag="490"><subfield code="6">880-03</subfield><subfield code="a">Fa zhan he gai ge lan pi shu =</subfield><subfield code="a">Blue book of development and reform</subfield></datafield><datafield ind1=" " ind2=" " tag="500"><subfield code="a">Each issue has also a distinctive title.</subfield></datafield><datafield ind1=" " ind2=" " tag="504"><subfield code="a">Includes bibliographical references.</subfield></datafield><datafield ind1=" " ind2=" " tag="546"><subfield code="a">Abstract and table of contents also in English.</subfield></datafield><datafield ind1=" " ind2=" " tag="588"><subfield code="a">Description based on: No. 3 (2010); title from title page.</subfield></datafield><datafield ind1=" " ind2=" " tag="588"><subfield code="a">Latest issue consulted: No. 3 (2010).</subfield></datafield><datafield ind1=" " ind2="0" tag="651"><subfield code="a">China</subfield><subfield code="x">Economic policy</subfield><subfield code="y">1976-2000.</subfield><subfield code="0">http://id.loc.gov/authorities/subjects/sh85024024</subfield></datafield><datafield ind1=" " ind2="0" tag="651"><subfield code="a">China</subfield><subfield code="x">Economic policy</subfield><subfield code="y">2000-</subfield><subfield code="0">http://id.loc.gov/authorities/subjects/sh00001557</subfield></datafield><datafield ind1=" " ind2="0" tag="651"><subfield code="a">China</subfield><subfield code="x">Economic conditions</subfield><subfield code="y">1976-2000.</subfield><subfield code="0">http://id.loc.gov/authorities/subjects/sh85024017</subfield></datafield><datafield ind1=" " ind2="0" tag="651"><subfield code="a">China</subfield><subfield code="x">Economic conditions</subfield><subfield code="y">2000-</subfield><subfield code="0">http://id.loc.gov/authorities/subjects/sh99010023</subfield></datafield><datafield ind1="2" ind2=" " tag="710"><subfield code="6">880-04</subfield><subfield code="a">Zhong yang cai jing da xue.</subfield><subfield code="b">Zhongguo fa zhan he gai ge yan jiu yuan.</subfield><subfield code="0">http://id.loc.gov/authorities/names/no2013025320</subfield></datafield><datafield ind1="0" ind2="0" tag="880"><subfield code="6">245-01/$1</subfield><subfield code="a">中国经济发展和体制改革报告 =</subfield><subfield code="b">Report on China economic development and institutional reform.</subfield></datafield><datafield ind1=" " ind2=" " tag="880"><subfield code="6">260-02/$1</subfield><subfield code="a">北京 :</subfield><subfield code="b">社会科学文献出版社.</subfield></datafield><datafield ind1="0" ind2=" " tag="880"><subfield code="6">490-03/$1</subfield><subfield code="a">发展和改革蓝皮书 =</subfield><subfield code="a">Blue book of development and reform</subfield></datafield><datafield ind1="1" ind2=" " tag="880"><subfield code="6">710-04/$1</subfield><subfield code="a">中央财经大学.</subfield><subfield code="b">中国发展和改革研究院.</subfield></datafield><datafield ind1=" " ind2=" " tag="907"><subfield code="y">.b90985096</subfield><subfield code="b">210601</subfield><subfield code="c">111122</subfield></datafield><datafield ind1=" " ind2=" " tag="998"><subfield code="a">rs</subfield><subfield code="b">120619</subfield><subfield code="c">s</subfield><subfield code="d">a  </subfield><subfield code="e">-</subfield><subfield code="f">chi</subfield><subfield code="g">cc </subfield><subfield code="h">0</subfield><subfield code="i">3</subfield></datafield><datafield ind1="f" ind2="f" tag="999"><subfield code="i">cb35d3cb-5b60-5630-aebc-92bb110c3583</subfield><subfield code="s">28ced360-5822-5691-8ff8-eb656935222d</subfield><subfield code="t">0</subfield></datafield><datafield ind1="f" ind2="f" tag="952"><subfield code="p">Can Circulate</subfield><subfield code="a">Michigan State University-Library of Michigan</subfield><subfield code="b">Michigan State University</subfield><subfield code="c">MSU Remote Storage</subfield><subfield code="d">MSU Remote Storage</subfield><subfield code="t">0</subfield><subfield code="e">HC427.92 .Z4569</subfield><subfield code="h">Library of Congress classification</subfield><subfield code="i">Printed Material</subfield><subfield code="j">no.3 2008/2010</subfield><subfield code="m">31293032301768</subfield><subfield code="n">1</subfield></datafield><datafield ind1="f" ind2="f" tag="952"><subfield code="p">Can Circulate</subfield><subfield code="a">Michigan State University-Library of Michigan</subfield><subfield code="b">Michigan State University</subfield><subfield code="c">MSU Remote Storage</subfield><subfield code="d">MSU Remote Storage</subfield><subfield code="t">0</subfield><subfield code="e">HC427.92 .Z4569</subfield><subfield code="h">Library of Congress classification</subfield><subfield code="i">Printed Material</subfield><subfield code="j">no.4 2011</subfield><subfield code="m">31293032303095</subfield><subfield code="n">1</subfield></datafield></record>
</collection>
